@book{heisenberg1958physics,
  title={Physics and Philosophy: The Revolution in Modern Science},
  author={Heisenberg, Werner},
  year={1958},
  publisher={Harper \& Row}
}

@article{bell1964einstein,
  title={On the Einstein Podolsky Rosen paradox},
  author={Bell, John Stewart},
  journal={Physics Physique Физика},
  volume={1},
  number={3},
  pages={195--200},
  year={1964},
  publisher={Physics Publishing Company}
}

@book{capra1975tao,
  title={The Tao of Physics},
  author={Capra, Fritjof},
  year={1975},
  publisher={Shambhala Publications}
} 